@online{the_scream_img,
	author   = {Edvard Munch (Photo: Nasjonalmuseet / Børre Høstland)},
	title    = {The Scream},
	year     = {1893},
	urldate  = {2019-08-16},
	url      = {http://samling.nasjonalmuseet.no/en/object/NG.M.00939},
	keywords = {image}
}

@online{the_starry_night_img,
	author   = {The Starry Night},
	title    = {Vincent van Gogh},
	year     = {1889},
	urldate  = {2019-08-16},
	url      = {https://www.moma.org/collection/works/79802},
	keywords = {image}
}







@online{crystal_glass_on_a_colorful_background_img,
	author   = {Crystal Glass On A Colorful Background},
	title    = {Steve Johnson},
	year     = {2019},
	urldate  = {2019-08-16},
	url      = {https://www.pexels.com/photo/crystal-glass-on-a-colorful-background-2179374},
	keywords = {image}
}

@online{portrait_of_joseph_roulin_img,
	author   = {Portrait of Joseph Roulin},
	title    = {Vincent van Gogh},
	year     = {1889},
	urldate  = {2019-08-16},
	url      = {https://www.moma.org/collection/works/79105},
	keywords = {image}
}

@online{teal_and_black_abstract_painting_img,
	author   = {Teal And Black Abstract Painting},
	title    = {Anni Roenkae},
	year     = {2019},
	urldate  = {2019-08-16},
	url      = {https://www.pexels.com/photo/teal-and-black-abstract-painting-2559624},
	keywords = {image}
}

@online{multicolored_abstract_artwork_img,
	author   = {Multicolored Abstract Artwork},
	title    = {Sharon McCutcheon},
	year     = {2018},
	urldate  = {2019-08-16},
	url      = {https://www.pexels.com/photo/abstract-abstract-painting-art-artistic-1149019},
	keywords = {image}
}

@online{still_life_with_liqueur_bottle_img,
	author   = {Still Life with Liqueur Bottle},
	title    = {Pablo Picasso},
	year     = {1909},
	urldate  = {2019-08-16},
	url      = {https://www.moma.org/collection/works/78986},
	keywords = {image}
}

@online{the_olive_trees_img,
	author   = {The Olive Trees},
	title    = {Vincent van Gogh},
	year     = {1889},
	urldate  = {2019-08-16},
	url      = {https://www.moma.org/collection/works/80013},
	keywords = {image}
}







@online{typical_cnn_img,
	author   = {Wikimedia Commons},
	title    = {Typical CNN architecture},
	year     = {2015},
	urldate  = {2019-08-16},
	url      = {https://upload.wikimedia.org/wikipedia/commons/6/63/Typical_cnn.png},
	keywords = {image}
}

@online{relu_activation_function_img,
	author = {PyTorch},
	title = {ReLU activation function},
	year = {2019},
	urldate  = {2019-08-16},
	url = {https://pytorch.org/docs/stable/_images/ReLU.png},
	keywords = {image}
}

@online{prelu_activation_function_img,
	author = {PyTorch},
	title = {PReLU activation function},
	year = {2019},
	urldate  = {2019-08-16},
	url = {https://pytorch.org/docs/stable/_images/PReLU.png},
	keywords = {image}
}

@online{hardtanh_activation_function_img,
	author = {PyTorch},
	title = {Hardtanh activation function},
	year = {2019},
	urldate  = {2019-08-16},
	url = {https://pytorch.org/docs/stable/_images/Hardtanh.png},
	keywords = {image}
}

@online{sigmoid_activation_function_img,
	author = {PyTorch},
	title = {Sigmoid activation function},
	year = {2019},
	urldate  = {2019-08-16},
	url = {https://pytorch.org/docs/stable/_images/Sigmoid.png},
	keywords = {image}
}

@online{convolution_img,
	author = {Petar Veličković},
	year = {2016},
	urldate  = {2019-08-16},
	url = {https://github.com/PetarV-/TikZ/tree/master/2D%20Convolution},
	keywords = {image}
}

@online{vgg16_img,
	author = {Max Ferguson},
	year = {2017},
	urldate  = {2019-08-16},
	url = {https://www.researchgate.net/figure/Fig-A1-The-standard-VGG-16-network-architecture-as-proposed-in-32-Note-that-only_fig3_322512435},
	keywords = {image}
}

@online{receptive_field_img,
	author = {Dang Ha The Hien},
	year = {2017},
	urldate  = {2019-08-16},
	url = {https://medium.com/mlreview/a-guide-to-receptive-field-arithmetic-for-convolutional-neural-networks-e0f514068807},
	keywords = {image}
}

@online{perceptron_img,
	author = {Justin Johnson, Alexandre Alahi, Li Fei-Fei},
	year = {2016},
	urldate  = {2019-08-16},
	url = {https://www.neural-networks.io/en/single-layer/perceptron.php},
	keywords = {image}
}

@online{residual_block_img,
	author = {Kaiming He and
               Xiangyu Zhang and
               Shaoqing Ren and
               Jian Sun},
	urldate  = {2019-08-16},
	year = {2015},
	url = {https://arxiv.org/abs/1512.03385},
	keywords = {image}
}

@online{fully_connected_img,
	author = {Andrej Karpathy},
	urldate  = {2019-08-16},
	year = {2019},
	url = {https://cs231n.github.io/neural-networks-1},
	keywords = {image}
}
